<?xml version="1.0" encoding="UTF-8"?><collection xmlns="http://www.loc.gov/MARC21/slim"><record><leader>00428nam--2200157-i-4500</leader><controlfield tag="001">000047417</controlfield><controlfield tag="002">20161230</controlfield><controlfield tag="005">20170126235734</controlfield><controlfield tag="008">060222s1000------------r-----000-0-eng-d</controlfield><datafield ind1=" " ind2=" " tag="080"><subfield code="a">061.62(73):001.891:537.67(047.1)</subfield></datafield><datafield ind1=" " ind2=" " tag="100"><subfield code="a">Wetherill, George W</subfield></datafield><datafield ind1=" " ind2=" " tag="245"><subfield code="a">Department of terrestrial magnetism</subfield></datafield><datafield ind1=" " ind2=" " tag="260"><subfield code="a">Washington</subfield><subfield code="b">Carnegie Institution</subfield><subfield code="c">1981</subfield></datafield><datafield ind1=" " ind2=" " tag="300"><subfield code="a">/431-577/p</subfield></datafield><datafield ind1=" " ind2=" " tag="852"><subfield code="a">73432</subfield></datafield><datafield ind1=" " ind2=" " tag="CAT"><subfield code="a">SYS</subfield><subfield code="c">20170126</subfield><subfield code="h">235734</subfield></datafield></record></collection>